<record xmlns="http://www.loc.gov/MARC21/slim">
  <leader>02240ctma 2200361Ma 4500</leader>
  <controlfield tag="001">ocm63890538 </controlfield>
  <controlfield tag="003">OCoLC</controlfield>
  <controlfield tag="005">20211004132912.0</controlfield>
  <controlfield tag="008">981020s14uu xx a 000 0 lat d</controlfield>
  <datafield ind1=" " ind2=" " tag="040">
    <subfield code="a">COO</subfield>
    <subfield code="b">eng</subfield>
    <subfield code="c">COO</subfield>
    <subfield code="d">OCL</subfield>
    <subfield code="d">OCLCO</subfield>
    <subfield code="d">OCLCQ</subfield>
    <subfield code="d">OCLCA</subfield>
    <subfield code="d">OCLCQ</subfield>
  </datafield>
  <datafield ind1=" " ind2=" " tag="035">
    <subfield code="a">(OCoLC)63890538</subfield>
  </datafield>
  <datafield ind1=" " ind2=" " tag="049">
    <subfield code="a">COOO</subfield>
  </datafield>
  <datafield ind1="2" ind2=" " tag="110">
    <subfield code="a">Catholic Church.</subfield>
  </datafield>
  <datafield ind1="1" ind2="0" tag="240">
    <subfield code="a">Office of the Blessed Virgin Mary</subfield>
  </datafield>
  <datafield ind1="1" ind2="0" tag="245">
    <subfield code="a">Incipit officium beate Marie Virginis secundum cursum roman ...</subfield>
  </datafield>
  <datafield ind1=" " ind2=" " tag="300">
    <subfield code="a">1 volume (187 pages) ;</subfield>
    <subfield code="c">10 cm</subfield>
  </datafield>
  <datafield ind1=" " ind2=" " tag="336">
    <subfield code="a">text</subfield>
    <subfield code="b">txt</subfield>
    <subfield code="2">rdacontent</subfield>
  </datafield>
  <datafield ind1=" " ind2=" " tag="337">
    <subfield code="a">unmediated</subfield>
    <subfield code="b">n</subfield>
    <subfield code="2">rdamedia</subfield>
  </datafield>
  <datafield ind1=" " ind2=" " tag="338">
    <subfield code="a">volume</subfield>
    <subfield code="b">nc</subfield>
    <subfield code="2">rdacarrier</subfield>
  </datafield>
  <datafield ind1=" " ind2=" " tag="520">
    <subfield code="a">Manuscript on vellum, written in a 15th century hand; 9-1/2 x 7 cm.; single
      column, 11 lines per page. Thirteen pages with illuminations. Borders and miniatures, 132
      large illuminated initials, 722 small.</subfield>
  </datafield>
  <datafield ind1=" " ind2=" " tag="500">
    <subfield code="a">[Begins fol. 1,a] Incipit officium beate / marie virginis secun/dum cursum
      roman ... [Illuminated initial D] ne labia mea aperies et/. [Ends fol. 102, 6] ora pro nobis
      deum/ alleluia. [Ff. 103, 104, vacant.] Septem psalmi penitentiales [Begin, fol. 105,a]
      Incipiunt septem psalmi pe/nitentiales. [Ends fol. 130,b] Finis laus deo-Officium mortuorum
      [Ff. 140, 141, 142 vacant] [Begins fol. 143,a] Incipit officium mortu/orum [Ends, fol. 187,b]
      Orationes vero ut supra in vesperis.</subfield>
  </datafield>
  <datafield ind1=" " ind2=" " tag="500">
    <subfield code="a">Bound in full calf, inlaid with red and blue. Clasp gone; no
      lettering.</subfield>
  </datafield>
  <datafield ind1=" " ind2=" " tag="530">
    <subfield code="a">Selected illustrations are included in the Images from Cornell&apos;s Rare
      Book and Manuscript Collections digital collection.</subfield>
  </datafield>
  <datafield ind1="4" ind2=" " tag="510">
    <subfield code="a">Calkins, R. Catalogue, 1971,</subfield>
    <subfield code="c">no. 28</subfield>
  </datafield>
  <datafield ind1="2" ind2="0" tag="610">
    <subfield code="a">Catholic Church</subfield>
    <subfield code="v">Prayers and devotions</subfield>
    <subfield code="x">Italian.</subfield>
  </datafield>
  <datafield ind1="2" ind2="0" tag="610">
    <subfield code="a">Catholic Church</subfield>
    <subfield code="v">Prayers and devotions</subfield>
    <subfield code="x">Latin.</subfield>
  </datafield>
  <datafield ind1="2" ind2="7" tag="610">
    <subfield code="a">Catholic Church.</subfield>
    <subfield code="2">fast</subfield>
    <subfield code="0">(OCoLC)fst00531720</subfield>
  </datafield>
  <datafield ind1=" " ind2="7" tag="655">
    <subfield code="a">Marginal illustrations.</subfield>
    <subfield code="2">aat</subfield>
  </datafield>
  <datafield ind1=" " ind2="7" tag="655">
    <subfield code="a">Prayers and devotions.</subfield>
    <subfield code="2">fast</subfield>
    <subfield code="0">(OCoLC)fst01423909</subfield>
  </datafield>
  <datafield ind1=" " ind2="7" tag="655">
    <subfield code="a">Miniatures (Illuminations)</subfield>
    <subfield code="z">Italy</subfield>
    <subfield code="y">15th century.</subfield>
    <subfield code="2">gmgpc</subfield>
  </datafield>
  <datafield ind1="0" ind2="8" tag="776">
    <subfield code="i">Online version:</subfield>
    <subfield code="a">Catholic Church.</subfield>
    <subfield code="s">Office of the Blessed Virgin Mary.</subfield>
    <subfield code="t">Incipit officium beate Marie Virginis secundum cursum roman ...</subfield>
    <subfield code="w">(OCoLC)1129079619</subfield>
  </datafield>
  <datafield ind1="4" ind2="2" tag="856">
    <subfield code="3">Selected illustrations</subfield>
    <subfield code="u">http://resolver.library.cornell.edu/misc/5862713</subfield>
  </datafield>
  <datafield ind1=" " ind2=" " tag="994">
    <subfield code="a">C0</subfield>
    <subfield code="b">COO</subfield>
  </datafield>
</record>
